
@article{grossVariabilitySignificanceClass2013,
  title = {The Variability and Significance of Class Characteristics in Footwear Impressions},
  volume = {63},
  number = {3},
  journal = {Journal of Forensic Identification},
  year = {2013},
  pages = {332},
  author = {Gross, Susan and Jeppesen, Dane and Neumann, Cedric},
  file = {/home/srvander/Zotero/storage/EC9IV5R5/Gross et al_2013_The variability and significance of class characteristics in footwear.pdf}
}

@article{hancockInterpretationShoeprintComparison2012,
  title = {The Interpretation of Shoeprint Comparison Class Correspondences},
  volume = {52},
  number = {4},
  journal = {Science and Justice},
  year = {2012},
  pages = {243--248},
  author = {Hancock, Sheida and Morgan-Smith, Rian and Buckleton, John},
  file = {/home/srvander/Zotero/storage/6ULEJZV5/Hancock et al_2012_The interpretation of shoeprint comparison class correspondences.pdf}
}

@inproceedings{pavlouAutomaticExtractionClassification2006,
  title = {Automatic Extraction and Classification of Footwear Patterns},
  booktitle = {International {{Conference}} on {{Intelligent Data Engineering}} and {{Automated Learning}}},
  publisher = {{Springer}},
  year = {2006},
  pages = {721--728},
  author = {Pavlou, Maria and Allinson, Nigel M},
  file = {/home/srvander/Zotero/storage/EBZL8VGE/Pavlou_Allinson_2006_Automatic extraction and classification of footwear patterns.pdf}
}


@article{vgg16,
	title = {Very {Deep} {Convolutional} {Networks} for {Large}-{Scale} {Image} {Recognition}},
	url = {https://arxiv.org/abs/1409.1556},
	language = {en},
	urldate = {2018-10-16},
	author = {Simonyan, Karen and Zisserman, Andrew},
	month = sep,
	year = {2014},
	file = {Simonyan_Zisserman_2014_Very Deep Convolutional Networks for Large-Scale Image Recognition.pdf:/home/srvander/Zotero/storage/ULPNXPMS/Simonyan_Zisserman_2014_Very Deep Convolutional Networks for Large-Scale Image Recognition.pdf:application/pdf;Snapshot:/home/srvander/Zotero/storage/XG4LXKA2/1409.html:text/html}
}
@article{ILSVRC15,
Author = {Olga Russakovsky and Jia Deng and Hao Su and Jonathan Krause and Sanjeev Satheesh and Sean Ma and Zhiheng Huang and Andrej Karpathy and Aditya Khosla and Michael Bernstein and Alexander C. Berg and Li Fei-Fei},
Title = {{ImageNet Large Scale Visual Recognition Challenge}},
Year = {2015},
journal   = {International Journal of Computer Vision (IJCV)},
doi = {10.1007/s11263-015-0816-y},
volume={115},
number={3},
pages={211-252}
}

@article{LabelMe,
 author = {Russell, Bryan C. and Torralba, Antonio and Murphy, Kevin P. and Freeman, William T.},
 title = {LabelMe: A Database and Web-Based Tool for Image Annotation},
 journal = {Int. J. Comput. Vision},
 issue_date = {May       2008},
 volume = {77},
 number = {1-3},
 month = may,
 year = {2008},
 issn = {0920-5691},
 pages = {157--173},
 numpages = {17},
 url = {http://dx.doi.org/10.1007/s11263-007-0090-8},
 doi = {10.1007/s11263-007-0090-8},
 acmid = {1345999},
 publisher = {Kluwer Academic Publishers},
 address = {Hingham, MA, USA},
 keywords = {Annotation tool, Database, Object detection, Object recognition},
} 